@INPROCEEDINGS{facenet,
  author={Schroff, Florian and Kalenichenko, Dmitry and Philbin, James},
  booktitle={2015 IEEE Conference on Computer Vision and Pattern Recognition (CVPR)}, 
  title={FaceNet: A unified embedding for face recognition and clustering}, 
  year={2015},
  volume={},
  number={},
  pages={815-823},
  doi={10.1109/CVPR.2015.7298682}}

@InProceedings{dropout_analysis,
  author="Park, Sungheon
  and Kwak, Nojun",
  editor="Lai, Shang-Hong
  and Lepetit, Vincent
  and Nishino, Ko
  and Sato, Yoichi",
  title="Analysis on the Dropout Effect in Convolutional Neural Networks",
  booktitle="Computer Vision --  ACCV 2016",
  year="2017",
  publisher="Springer International Publishing",
  address="Cham",
  pages="189--204",
  isbn="978-3-319-54184-6"
}

@article{dropout_hinton,
  author    = {Geoffrey E. Hinton and
               Nitish Srivastava and
               Alex Krizhevsky and
               Ilya Sutskever and
               Ruslan Salakhutdinov},
  title     = {Improving neural networks by preventing co-adaptation of feature detectors},
  journal   = {CoRR},
  volume    = {abs/1207.0580},
  year      = {2012},
  url       = {http://arxiv.org/abs/1207.0580},
  eprinttype = {arXiv},
  eprint    = {1207.0580},
  timestamp = {Mon, 13 Aug 2018 16:46:10 +0200},
  biburl    = {https://dblp.org/rec/journals/corr/abs-1207-0580.bib},
  bibsource = {dblp computer science bibliography, https://dblp.org}
}